@article{oberg2014leveraging,
  title={Leveraging gate-level properties to identify hardware timing channels},
  author={Oberg, Jason and Meiklejohn, Sarah and Sherwood, Timothy and Kastner, Ryan},
  journal={IEEE Transactions on Computer-Aided Design of Integrated Circuits and Systems},
  volume={33},
  number={9},
  pages={1288--1301},
  year={2014},
  publisher={IEEE}
}


@article{brumley2005remote,
  title={Remote timing attacks are practical},
  author={Brumley, David and Boneh, Dan},
  journal={Computer Networks},
  volume={48},
  number={5},
  pages={701--716},
  year={2005},
  publisher={Elsevier}
}

@inproceedings{brumley2011remote,
  title={Remote timing attacks are still practical},
  author={Brumley, Billy Bob and Tuveri, Nicola},
  booktitle={European Symposium on Research in Computer Security},
  pages={355--371},
  year={2011},
  organization={Springer}
}

@inproceedings{hund2013practical,
  title={Practical timing side channel attacks against kernel space ASLR},
  author={Hund, Ralf and Willems, Carsten and Holz, Thorsten},
  booktitle={Security and Privacy (SP), 2013 IEEE Symposium on},
  pages={191--205},
  year={2013},
  organization={IEEE}
}

@book{mangard2008power,
  title={Power analysis attacks: Revealing the secrets of smart cards},
  author={Mangard, Stefan and Oswald, Elisabeth and Popp, Thomas},
  volume={31},
  year={2008},
  publisher={Springer Science \& Business Media}
}

@inproceedings{messerges2000using,
  title={Using second-order power analysis to attack DPA resistant software},
  author={Messerges, Thomas},
  booktitle={Cryptographic Hardware and Embedded Systemsâ€”CHES 2000},
  pages={27--78},
  year={2000},
  organization={Springer}
}