@inproceedings{BAQ16,
  title={String analysis for side channels with segmented oracles},
  author={Bang, Lucas and Aydin, Abdulbaki and Phan, Quoc-Sang and P{\u{a}}s{\u{a}}reanu, Corina S and Bultan, Tevfik},
  booktitle={Proceedings of the 2016 24th ACM SIGSOFT International Symposium on Foundations of Software Engineering},
  pages={193--204},
  year={2016},
  organization={ACM}
}

@inproceedings{predicate,
  title={Construction of abstract state graphs with PVS},
  author={Graf, Susanne and Sa{\"\i}di, Hassen},
  booktitle={International Conference on Computer Aided Verification},
  pages={72--83},
  year={1997},
  organization={Springer}
}


@article{symbolic,
  title={Symbolic execution and program testing},
  author={King, James C},
  journal={Communications of the ACM},
  volume={19},
  number={7},
  pages={385--394},
  year={1976},
  publisher={ACM}
}

@inproceedings{crime,
  title={The CRIME attack},
  author={Duong, Thai and Rizzo, Juliano},
  booktitle={Presentation at ekoparty Security Conference},
  year={2012}
}

@inproceedings{z3,
  title={Z3: An efficient SMT solver},
  author={De Moura, Leonardo and Bj{\o}rner, Nikolaj},
  booktitle={International conference on Tools and Algorithms for the Construction and Analysis of Systems},
  pages={337--340},
  year={2008},
  organization={Springer}
}

@inproceedings{cvc4,
  title={Cvc4},
  author={Barrett, Clark and Conway, Christopher and Deters, Morgan and Hadarean, Liana and Jovanovi{\'c}, Dejan and King, Tim and Reynolds, Andrew and Tinelli, Cesare},
  booktitle={Computer aided verification},
  pages={171--177},
  year={2011},
  organization={Springer}
}

@inproceedings{smtmulti,
  title={Multi-run side-channel analysis using Symbolic Execution and Max-SMT},
  author={Pasareanu, Corina S and Phan, Quoc-Sang and Malacaria, Pasquale},
  booktitle={Computer Security Foundations Symposium (CSF), 2016 IEEE 29th},
  pages={387--400},
  year={2016},
  organization={IEEE}
}

@article{decomposition,
  title={Decomposition instead of self-composition for k-safety},
  author={Antopoulos, Timos and Gazzillo, Paul and Hicks, Michael and Koskinen, Eric and Terauchi, Tachio and Wei, Shiyi},
  year={2017}
}
@inproceedings{sidebuster,
  title={Sidebuster: automated detection and quantification of side-channel leaks in web application development},
  author={Zhang, Kehuan and Li, Zhou and Wang, Rui and Wang, XiaoFeng and Chen, Shuo},
  booktitle={Proceedings of the 17th ACM conference on Computer and communications security},
  pages={595--606},
  year={2010},
  organization={ACM}
}

@inproceedings{fixbyconstant,
  title={Transforming out timing leaks},
  author={Agat, Johan},
  booktitle={Proceedings of the 27th ACM SIGPLAN-SIGACT symposium on Principles of programming languages},
  pages={40--53},
  year={2000},
  organization={ACM}
}

@article{hedin,
  title={Timing aware information flow security for a javacard-like bytecode},
  author={Hedin, Daniel and Sands, David},
  journal={Electronic Notes in Theoretical Computer Science},
  volume={141},
  number={1},
  pages={163--182},
  year={2005},
  publisher={Elsevier}
}

@article{cacheaudit,
  title={Cacheaudit: A tool for the static analysis of cache side channels},
  author={Doychev, Goran and K{\"o}pf, Boris and Mauborgne, Laurent and Reineke, Jan},
  journal={ACM Transactions on Information and System Security (TISSEC)},
  volume={18},
  number={1},
  pages={4},
  year={2015},
  publisher={ACM}
}

@inproceedings{leakwatch,
  title={Leakwatch: Estimating information leakage from java programs},
  author={Chothia, Tom and Kawamoto, Yusuke and Novakovic, Chris},
  booktitle={European Symposium on Research in Computer Security},
  pages={219--236},
  year={2014},
  organization={Springer}
}

@inproceedings{formalbounds,
  title={Formally bounding the side-channel leakage in unknown-message attacks},
  author={Backes, Michael and K{\"o}pf, Boris},
  booktitle={European Symposium on Research in Computer Security},
  pages={517--532},
  year={2008},
  organization={Springer}
}

@inproceedings{stats,
  title={Statistical measurement of information leakage},
  author={Chatzikokolakis, Konstantinos and Chothia, Tom and Guha, Apratim},
  booktitle={International Conference on Tools and Algorithms for the Construction and Analysis of Systems},
  pages={390--404},
  year={2010},
  organization={Springer}
}

@article{timingpractical,
  title={Remote timing attacks are practical},
  author={Brumley, David and Boneh, Dan},
  journal={Computer Networks},
  volume={48},
  number={5},
  pages={701--716},
  year={2005},
  publisher={Elsevier}
}

@inproceedings{ASLRtiming,
  title={Practical timing side channel attacks against kernel space ASLR},
  author={Hund, Ralf and Willems, Carsten and Holz, Thorsten},
  booktitle={Security and Privacy (SP), 2013 IEEE Symposium on},
  pages={191--205},
  year={2013},
  organization={IEEE}
}

@inproceedings{cachepractical,
  title={Last-level cache side-channel attacks are practical},
  author={Liu, Fangfei and Yarom, Yuval and Ge, Qian and Heiser, Gernot and Lee, Ruby B},
  booktitle={Security and Privacy (SP), 2015 IEEE Symposium on},
  pages={605--622},
  year={2015},
  organization={IEEE}
}

@inproceedings{cache,
  title={Cache attacks and countermeasures: the case of AES},
  author={Osvik, Dag Arne and Shamir, Adi and Tromer, Eran},
  booktitle={Cryptographersâ€™ Track at the RSA Conference},
  pages={1--20},
  year={2006},
  organization={Springer}
}